<record><leader>00000cas a22000007a 4500</leader><controlfield tag="001">26335340</controlfield><controlfield tag="008">920805d19181921wyuwr ne      0    0eng d</controlfield><datafield ind1=" " ind2=" " tag="010"><subfield code="a">sn 92067152 </subfield></datafield><datafield ind1=" " ind2=" " tag="040"><subfield code="a">NVO</subfield><subfield code="b">eng</subfield><subfield code="c">NVO</subfield><subfield code="d">OCLCQ</subfield><subfield code="d">OCLCF</subfield><subfield code="d">OCLCO</subfield></datafield><datafield ind1="1" ind2=" " tag="029"><subfield code="a">AU@</subfield><subfield code="b">000020705084</subfield></datafield><datafield ind1=" " ind2=" " tag="042"><subfield code="a">msc</subfield></datafield><datafield ind1=" " ind2=" " tag="043"><subfield code="a">n-us-wy</subfield></datafield><datafield ind1="0" ind2="4" tag="245"><subfield code="a">The Wyoming oil world.</subfield></datafield><datafield ind1="1" ind2="3" tag="246"><subfield code="a">Wyoming oil world and mining news</subfield><subfield code="f">&lt;Jan. 11-Mar. 1, 1919&gt;</subfield></datafield><datafield ind1="1" ind2="3" tag="246"><subfield code="a">Wyoming oil world and Wyoming oil review</subfield><subfield code="f">July 31-Aug. 7, 1920</subfield></datafield><datafield ind1=" " ind2=" " tag="260"><subfield code="a">Casper, Wyo. :</subfield><subfield code="b">Wyoming Oil World Pub. Co.</subfield></datafield><datafield ind1=" " ind2=" " tag="300"><subfield code="a">v.</subfield></datafield><datafield ind1=" " ind2=" " tag="310"><subfield code="a">Weekly</subfield></datafield><datafield ind1="0" ind2=" " tag="362"><subfield code="a">-v. 4, no. 30 (Dec. 31, 1921).</subfield></datafield><datafield ind1=" " ind2=" " tag="515"><subfield code="a">Suspended: Mar. 5-Apr. 16, 1921.</subfield></datafield><datafield ind1=" " ind2=" " tag="515"><subfield code="a">Apr. 23, 1921, issue called: Vol. 3, no. 40-47.</subfield></datafield><datafield ind1=" " ind2=" " tag="580"><subfield code="a">Absorbed: Wyoming oil review, July 31, 1920.</subfield></datafield><datafield ind1=" " ind2=" " tag="588"><subfield code="a">Description based on: Vol. 1, no. 3 (June 15, 1918).</subfield></datafield><datafield ind1=" " ind2="0" tag="650"><subfield code="a">Mineral industries</subfield><subfield code="z">Wyoming</subfield><subfield code="v">Newspapers.</subfield></datafield><datafield ind1=" " ind2="0" tag="650"><subfield code="a">Petroleum industry and trade</subfield><subfield code="z">Wyoming</subfield><subfield code="v">Newspapers.</subfield></datafield><datafield ind1=" " ind2="4" tag="651"><subfield code="a">Natrona County (Wyo.)</subfield><subfield code="v">Newspapers.</subfield></datafield><datafield ind1=" " ind2="7" tag="655"><subfield code="a">Newspapers.</subfield><subfield code="2">fast</subfield><subfield code="0">(OCoLC)fst01423814</subfield></datafield><datafield ind1=" " ind2="7" tag="650"><subfield code="a">Mineral industries.</subfield><subfield code="2">fast</subfield><subfield code="0">(OCoLC)fst01022218</subfield></datafield><datafield ind1=" " ind2="7" tag="650"><subfield code="a">Petroleum industry and trade.</subfield><subfield code="2">fast</subfield><subfield code="0">(OCoLC)fst01059546</subfield></datafield><datafield ind1=" " ind2="7" tag="651"><subfield code="a">Wyoming.</subfield><subfield code="2">fast</subfield><subfield code="0">(OCoLC)fst01204583</subfield></datafield><datafield ind1=" " ind2=" " tag="752"><subfield code="a">United States</subfield><subfield code="b">Wyoming</subfield><subfield code="c">Natrona</subfield><subfield code="d">Casper.</subfield></datafield><datafield ind1="1" ind2="5" tag="780"><subfield code="t">Wyoming oil review</subfield></datafield><datafield ind1="0" ind2="0" tag="785"><subfield code="t">Inland oil index</subfield><subfield code="w">(DLC)sn 90051561</subfield></datafield></record>